@book{mori1999optical,
  title={Optical character recognition},
  author={Mori, Shunji and Nishida, Hirobumi and Yamada, Hiromitsu},
  year={1999},
  publisher={John Wiley \& Sons, Inc.}
}

@misc{poppler,
  title        = {Poppler library},
  url          = {https://poppler.freedesktop.org/},
  urldate      = {24-09-2022},
}

@inproceedings{ha1995recursive,
  title={Recursive XY cut using bounding boxes of connected components},
  author={Ha, Jaekyu and Haralick, Robert M and Phillips, Ihsin T},
  booktitle={Proceedings of 3rd International Conference on Document Analysis and Recognition},
  volume={2},
  pages={952--955},
  year={1995},
  organization={IEEE}
}

@mastersthesis{bitew2018logical,
  title={Logical structure extraction of electronic documents using contextual information},
  author={Bitew, Semere Kiros},
  year={2018},
  school={University of Twente}
}

@mastersthesis{he2017extracting,
  title={Extracting document structure of a text with visual and textual cues},
  author={He, Yi},
  year={2017},
  school={University of Twente}
}